@inproceedings{senshand,
	author = {Cavallo, F. and Esposito, D. and Rovini, E. and Aquilano, M. and Carrozza, M. C. and Dario, P. and Maremmani, C. and Bongioanni, P.},
	booktitle = {Rehabilitation Robotics (ICORR), 2013 IEEE International Conference on},
	doi = {10.1109/ICORR.2013.6650466},
	issn = {1945-7898},
	keywords = {clutter; diseases; geriatrics; inertial systems; medical computing; microcontrollers; object tracking; patient rehabilitation; radiocommunication; 9-axis complete inertial module; Parkinson disease; SensHand V1; accidental injuries; clutter; finger movement capture; glove-based device; hand motion analysis; hand motor deficits; hand rehabilitation performance measurement; limb injuries; microcontroller; motor skills performance assessment; old population; persistent disabilities; real-time patient hand motion tracking; skill motor performance measurement; stroke; temporary disabilities; wireless communication; work activities; Biomechanics; Diseases; Feature extraction; Sensors; Sociology; Thumb; Hand rehabilitation; Parkinson's disease; hand motion recognition; smart gloves},
	month = {June},
	pages = {1--6},
	title = {Preliminary evaluation of SensHand V1 in assessing motor skills performance in Parkinson disease},
	year = {2013}
}

@inproceedings{inertouchhand,
	author = {Lobc, J. and Trindade, P.},
	booktitle = {2013 2nd Experiment@ International Conference (exp.at'13)},
	doi = {10.1109/ExpAt.2013.6703062},
	keywords = {accelerometers; data gloves; gesture recognition; human-robot interaction; humanoid robots; manipulators; sensors; 6D pose reconstruction; HMI; InerTouchHand; distributed accelerometers; distributed inertial sensors; gesture recognition; glove device; hand worn device; human machine interaction applications; human-like robotic hand; iTH; instrumented glove-like device; interactive demonstration; spacial aware feedback; touch feedback; vibro-tactile feedback; vibro-tactile stimulators; Accelerometers; Gesture recognition; Magnetic sensors; Prototypes; Robot sensing systems},
	month = {Sept},
	pages = {178--179},
	title = {Interactive demonstration of InerTouchHand \#x2014; iTH a glove device with distributed inertial sensors and vibro-tactile feedback},
	year = {2013}
}

@inproceedings{imu-emg,
	added-at = {2015-09-11T00:00:00.000+0200},
	author = {Georgi, Marcus and Amma, Christoph and Schultz, Tanja},
	biburl = {http://www.bibsonomy.org/bibtex/278ac3d3ec88bc04280cdc948e7e40ec2/dblp},
	booktitle = {{BIOSIGNALS}},
	editor = {Loose, Harald and Fred, Ana L. N. and Gamboa, Hugo and Elias, Dirk},
	interhash = {be9816bd048ad0e5cae71ba36c97fc45},
	intrahash = {78ac3d3ec88bc04280cdc948e7e40ec2},
	isbn = {978-989-758-069-7},
	pages = {99--108},
	publisher = {SciTePress},
	timestamp = {2015-09-12T11:35:49.000+0200},
	title = {{Recognizing Hand and Finger Gestures with IMU based Motion and EMG based Muscle Activity Sensing.}},
	url = {http://dblp.uni-trier.de/db/conf/biostec/biosignals2015.html#GeorgiAS15},
	x-fetchedfrom = {Bibsonomy},
	year = 2015
}

@inproceedings{kinect,
	author = {Ellithorpe, Jonathan and Tan, Pearl},
	title = {The Learning Keyboard Using the Xbox Kinect to Learn User Typing Behavior},
	year = {2012}
}

