@misc{caro,
    author = {Konietzny, Carolin},
    title = {Prototyp f\"{u}r eine virtuelle Tastatur basierend auf IMUs und maschinellem Lernen -- Anwendung},
    year = {2017}
}

@misc{paul,
    author = {Bienkowski, Paul},
    title = {Prototyp f\"{u}r eine virtuelle Tastatur basierend auf IMUs und maschinellem Lernen -- Systementwurf},
    year = {2017}
}

@online{web:ros,
    title = {ROS.org},
    url = {http://www.ros.org/},
    urldate = {2017-04-30},
    year = 2017,
    author ={Open Source Robotics Foundation, Inc.},
}
@online{web:lasagne,
    title = {Lasagne},
    url = {http://lasagne.readthedocs.io/en/latest/},
    urldate = {2017-06-12},
    year = 2015,
    author ={ Eric Battenberg and Sander Dieleman and Daniel Nouri and Eben Olson and Aäron van den Oord and Colin Raffel and Jan Schlüter and Søren Kaae Sønderby and others},
}
@book{poole-artificial-intelligence,
    author = {Poole, David and Mackworth, Alan K.},
    pages = {I--XVII, 1--662},
    publisher = {Cambridge University Press},
    title = {{Artificial Intelligence - Foundations of Computational Agents.}},
    year = 2010
}

@article{hochreiter-vanishing-gradient,
    author = {Hochreiter, Sepp},
    date = {2004-03-02},
    journaltitle = {International Journal of Uncertainty, Fuzziness and Knowledge-Based Systems},
    number = 2,
    pages = {107--116},
    title = {{The Vanishing Gradient Problem During Learning Recurrent Neural Nets and Problem Solutions.}},
    volume = 6,
    year = 1998
}

@article{face-recognition,
    author = {Lawrence, Steve and Giles, C.Lee and Tsoi, Ah Chung and Andrew, Back.},
    date = {1997-01},
    journaltitle = {IEEE TRANSACTIONS ON NEURAL NETWORKS},
    number = 1,
    pages = {98--113},
    title = {{Face Recognition: A Convolutional Neural-Network Approach}},
    url = {http://dblp.uni-trier.de/db/journals/ijufks/ijufks6.html#Hochreiter98},
    volume = 8,
    year = 1997
}

@inproceedings{cavallo-senshand-parkinsons,
    author = {Cavallo, F. and Esposito, D. and Rovini, E. and Aquilano, M. and Carrozza, M. C. and Dario, P. and Maremmani, C. and Bongioanni, P.},
    booktitle = {Rehabilitation Robotics (ICORR), 2013 IEEE International Conference on},
    month = {June},
    pages = {1--6},
    title = {Preliminary evaluation of SensHand V1 in assessing motor skills performance in Parkinson disease},
    year = {2013}
}

@inproceedings{inertouchhand,
    author = {Jorge Lobo and Pedro Trindade},
    booktitle = {2013 2nd Experiment@ International Conference (exp.at'13)},
    month = {Sept},
    pages = {178--179},
    title = {Interactive demonstration of InerTouchHand -- iTH a glove device with distributed inertial sensors and vibro-tactile feedback},
    year = {2013}
}

@inproceedings{imu-emg,
    author = {Georgi, Marcus and Amma, Christoph and Schultz, Tanja},
    booktitle = {{BIOSIGNALS}},
    editor = {Loose, Harald and Fred, Ana L. N. and Gamboa, Hugo and Elias, Dirk},
    pages = {99--108},
    publisher = {SciTePress},
    title = {{Recognizing Hand and Finger Gestures with IMU based Motion and EMG based Muscle Activity Sensing.}},
    url = {http://dblp.uni-trier.de/db/conf/biostec/biosignals2015.html#GeorgiAS15},
    year = 2015
}

@misc{ellithorpe-kinect-typing,
    author = {Ellithorpe, Jonathan and Tan, Pearl},
    subtitle = {Using the Xbox Kinect to Learn User Typing Behavior},
    title = {The Learning Keyboard},
    year = {2012}
}


@online{web:cyberglove,
    title = {CyberGlove Website},
    url = {http://www.cyberglovesystems.com/},
    urldate = {2017-04-30},
    author = {CyberGlove Systems Inc.},
    year = {2017}
}

@online{web:combat-imbalanced-dataset,
    author = {Brownlee, Jason},
    month = {August},
    title = {8 Tactics to Combat Imbalanced Classes in Your Machine Learning Dataset},
    url = {http://machinelearningmastery.com/tactics-to-combat-imbalanced-classes-in-your-machine-learning-dataset/},
    urldate = {2017-04-30},
    year = 2015
}

@inproceedings{zimmerman-flex-gloves,
    author = {Zimmerman, Thomas G and Lanier, Jaron and Blanchard, Chuck and Bryson, Steve and Harvill, Young},
    booktitle = {ACM SIGCHI Bulletin},
    number = {4},
    organization = {ACM},
    pages = {189--192},
    title = {A hand gesture interface device},
    volume = {18},
    year = {1987}
}

@inproceedings{mehdi-sign-language-glove,
    author = {Mehdi, S. A. and Khan, Y. N.},
    booktitle = {Neural Information Processing, 2002. ICONIP '02. Proceedings of the 9th International Conference on},
    month = {Nov},
    pages = {2204--2206 vol.5},
    title = {Sign language recognition using sensor gloves},
    volume = {5},
    year = {2002}
}

@online{web:gest,
    month = {May},
    title = {Gest},
    url = {https://gest.co/},
    urldate = {2017-04-30},
    year = 2017,
    author = {{Apotact Labs}}
}

@online{web:senseboard,
    month = {December},
    title = {Project Virtual Keyboard},
    author = {Project Virtual Keyboard},
    url = {http://www.senseboard.com/?p=174},
    urldate = {2017-04-30},
    year = 2013
}

@online{web:mimugloves-overview,
    title={Data Gloves Overview},
    url = {http://dev-blog.mimugloves.com/data-gloves-overview/},
    urldate = {2017-04-30},
    author={Mi.Mu LIMITED},
    year={2013},
}

@online{web:mimugloves,
    title = {mi.mu gloves},
    url = {http://mimugloves.com/},
    urldate = {2017-05-01},
    author={Mi.Mu LIMITED},
    year={2017},
}

@inproceedings{braille-gloves,
    author = {Cho, Myung-Chul and Park, Kwang-Hyun and Hong, Soon-Hyuk and Jeon, Jae Wook and Lee, Sung Il and Choi, Hyuckyeol and Choi, Hoo-Gon},
    booktitle = {Proceedings. Sixth International Symposium on Wearable Computers,},
    month = {},
    pages = {154--155},
    title = {A pair of Braille-based chord gloves},
    year = {2002}
}

@online{web:keyglove,
    title = {Keyglove},
    url = {http://www.keyglove.net/},
    urldate = {2017-05-01},
    year = {2015},
    author = {Jeff Rowberg},
}

@online{web:hi5vrglove,
    title = {Hi5 VR Glove},
    url = {http://hi5vrglove.com/},
    urldate = {2017-05-01},
    year = {2017},
    author = {Noitom Ltd.}
}

@online{web:supunsup,
    author = {Brownlee, Jason},
    month = {March},
    title = {Supervised and Unsupervised Machine Learning Algorithms},
    url = {http://machinelearningmastery.com/supervised-and-unsupervised-machine-learning-algorithms/},
    urldate = {2017-05-05},
    year = 2016
}

@online{web:misconceptions-neural-network,
    author = {Reid, Stuart},
    month = {May},
    title = {10 misconceptions about Neural Networks},
    url = {http://www.turingfinance.com/misconceptions-about-neural-networks/#blackbox},
    urldate = {2017-05-05},
    year = 2014
}

@inproceedings{davis2006,
    address = {New York, NY, USA},
    author = {Davis, Jesse and Goadrich, Mark},
    booktitle = {{ICML '06: Proceedings of the 23rd international conference on Machine learning}},
    location = {Pittsburgh, Pennsylvania},
    pages = {233--240},
    publisher = {ACM},
    title = {{The relationship between Precision-Recall and ROC curves}},
    year = 2006
}

@article{overfitting,
  title={The problem of overfitting},
  author={Hawkins, Douglas M},
  journal={Journal of chemical information and computer sciences},
  volume={44},
  number={1},
  pages={1--12},
  year={2004},
  publisher={ACS Publications}
}

@online{web:zuse,
    author = {Berlin, Freie Universit\"{a}t},
    title = {Architecture and Simulation of the Z1 Computer},
    url = {http://zuse-z1.zib.de/},
    urldate = {2017-05-20},
    year = {2012},
    author={Freie Universität Berlin},
}

@article{tu-advantages-disadvantages-neural-networks,
    author = {Tu, Jack V},
    journaltitle = {Journal of clinical epidemiology},
    number = {11},
    pages = {1225--1231},
    publisher = {Elsevier},
    title = {Advantages and disadvantages of using artificial neural networks versus logistic regression for predicting medical outcomes},
    volume = {49},
    year = {1996}
}

@article{disorders,
    author = {Fred Gerr and Michele Marcus and Carolyn Monteilh},
    journaltitle = {Journal of Electromyography and Kinesiology},
    number = {1},
    pages = {25--31},
    publisher = {Elsevier},
    title = {Epidemiology of musculoskeletal disorders among computer users: lesson learned from the role of posture and keyboard use},
    volume = {14},
    year = {2004}
}

@article{sentence_classification,
    author = {Yoon Kim},
    journaltitle = {CoRR},
    title = {{Convolutional Neural Networks for Sentence Classification.}},
    volume = {abs/1408.5882},
    year = 2014
}

@article{speech_recognition,
    author = {Abdel-Hamid, Ossama and Mohamed, Abdel-rahman and Jiang, Hui and Deng, Li and Penn, Gerald and Yu, Dong},
    journaltitle = {{IEEE/ACM Transactions on Audio, Speech, and Language Processing}},
    number = {10},
    pages = {1533--1545},
    publisher = {IEEE},
    title = {{Convolutional Neural Networks for Speech Recognition}},
    volume = {22},
    year = {2014}
}

@article{resampling,
    author = {Andrew Estabrooks and Taeho Jo and Nathalie Japkowicz},
    date = {2010-01-19},
    journaltitle = {Computational Intelligence},
    number = 1,
    pages = {18--36},
    title = {{A Multiple Resampling Method for Learning from Imbalanced Data Sets.}},
    volume = 20,
    year = 2004
}

@misc{breastcancer,
    author = {Pritpal Rayat and others},
    publisher = {{Screening and Immunisations Team Health and Social Care Information Centre}},
    title = {Breast Screening Programme England Statistics for 2014/-15},
    year = 2016
}

@article{spherical_interpolation,
 author = {Shoemake, Ken},
 title = {Animating Rotation with Quaternion Curves},
 journaltitle = {SIGGRAPH Computer Graphics},
 issue_date = {Jul. 1985},
 volume = {19},
 number = {3},
 month = jul,
 year = {1985},
 pages = {245--254},
 numpages = {10},
 acmid = {325242},
 publisher = {ACM},
 address = {New York, NY, USA},
}

@article{nasa-joystick-keyboard,
    author = {Wheeler, K. R. and Jorgensen, C. C.},
    journaltitle = {IEEE Pervasive Computing},
    month = {April},
    number = {2},
    pages = {56--61},
    title = {Gestures as input: neuroelectric joysticks and keyboards},
    volume = {2},
    year = {2003}
}

@article{hand_data_glove,
    author = {Kumar, Piyush and Verma, Jyoti and Prasad, Shitala},
    journaltitle = {International Journal of Advanced Science and Technology},
    title = {Hand data glove: a wearable real-time device for human-computer interaction},
    volume = {43},
    year = {2012}
}

@inproceedings{cnn_orig,
    author = {Lecun, Y. and Boser, B. and Denker, J. S. and Henderson, D. and Howard, R. E. and Hubbard, W. and Jackel, L. D.},
    booktitle = {{Advances in Neural Information Processing Systems 2}},
    editor = {Touretzky, D. S.},
    pages = {396--404},
    publisher = {Morgan Kaufmann},
    title = {{Handwritten Digit Recognition with a Back-Propagation Network}},
    year = 1990
}

@article{cnn_images,
  title={Convolutional networks for images, speech, and time series},
  author={LeCun, Yann and Bengio, Yoshua and others},
  journaltitle={The handbook of brain theory and neural networks},
  volume={3361},
  number={10},
  year={1995}
}
@article{theano,
  author    = {Rami Al{-}Rfou and
               Guillaume Alain and
               Amjad Almahairi and
               Christof Angerm{\"{u}}ller and
               Dzmitry Bahdanau and
               Nicolas Ballas and
               Fr{\'{e}}d{\'{e}}ric Bastien and
               Justin Bayer and
               Anatoly Belikov and others},
  title     = {Theano: {A} Python framework for fast computation of mathematical
               expressions},
  journaltitle  = {CoRR},
  volume    = {abs/1605.02688},
  year      = {2016},
}

@article{adagrad,
  title={Adaptive subgradient methods for online learning and stochastic optimization},
  author={Duchi, John and Hazan, Elad and Singer, Yoram},
  journaltitle={Journal of Machine Learning Research},
  volume={12},
  number={Jul},
  pages={2121--2159},
  year={2011}
}

@inproceedings{visual_cnn,
  title={Visualizing and understanding convolutional networks},
  author={Zeiler, Matthew D and Fergus, Rob},
  booktitle={European conference on computer vision},
  pages={818--833},
  year={2014},
  organization={Springer}
}

@article{dropout,
  author    = {Geoffrey E. Hinton and Nitish Srivastava and Alex Krizhevsky and Ilya Sutskever and Ruslan Salakhutdinov},
  title     = {Improving neural networks by preventing co-adaptation of feature detectors},
  journaltitle   = {CoRR},
  volume    = {abs/1207.0580},
  year      = {2012},
}

@inproceedings{collecting_data,
  title={Collecting complex activity datasets in highly rich networked sensor environments},
  author={Roggen, Daniel and Calatroni, Alberto and Rossi, Mirco and Holleczek, Thomas and F{\"o}rster, Kilian and Tr{\"o}ster, Gerhard and Lukowicz, Paul and Bannach, David and Pirkl, Gerald and Ferscha, Alois and others},
  booktitle={Networked Sensing Systems (INSS), 2010 Seventh International Conference on},
  pages={233--240},
  year={2010},
  organization={IEEE}
}

@article{dense_labeling,
  author    = {Rui Yao and
               Guosheng Lin and
               Qinfeng Shi and
               Damith Chinthana Ranasinghe},
  title     = {Efficient Dense Labeling of Human Activity Sequences from Wearables
               using Fully Convolutional Networks},
  journaltitle   = {CoRR},
  volume    = {abs/1702.06212},
  year      = {2017},
}

@inproceedings{handwritten_cnn,
  title={Handwritten zip code recognition with multilayer networks},
  author={Le Cun, Yann and Matan, Ofer and Boser, B and Denker, John S and Henderson, D and Howard, RE and Hubbard, W and Jacket, LD and Baird, HS},
  booktitle={Pattern Recognition, 1990. Proceedings., 10th International Conference on},
  volume={2},
  pages={35--40},
  year={1990},
  organization={IEEE}
}

@inproceedings{madgwick,
    author={S. O. H. Madgwick and A. J. L. Harrison and R. Vaidyanathan},
    booktitle={2011 IEEE International Conference on Rehabilitation Robotics},
    title={Estimation of IMU and MARG orientation using a gradient descent algorithm},
    year={2011},
    pages={1-7},
    month={June},
}

@inproceedings{har_cnn,
  title={Deep convolutional neural networks on multichannel time series for human activity recognition},
  author={Yang, Jianbo and Nguyen, Minh Nhut and San, Phyo Phyo and Li, Xiao Li and Krishnaswamy, Shonali},
  booktitle={Twenty-Fourth International Joint Conference on Artificial Intelligence},
  year={2015}
}

@article{glove-ole,
  title={Development of finger-motion capturing device based on optical linear encoder},
  author={Kang Li and I-Ming Chen and Song Huat Yeo and Chee Kian Lim},
  journaltitle={Journal of rehabilitation research and development},
  volume={48},
  number={1},
  pages={69},
  year={2011},
  publisher={Superintendent of Documents}
}

@inproceedings{glove-medical-imu,
    author={B. S. Lin and I. J. Lee and P. C. Hsiao and S. Y. Yang and W. Chou},
    booktitle={2014 Tenth International Conference on Intelligent Information Hiding and Multimedia Signal Processing},
    title={Data Glove Embedded with 6-DOF Inertial Sensors for Hand Rehabilitation},
    year={2014},
    pages={25-28},
    month={Aug},
}

@online{web:wii-mote-guts,
    title={Wii-mote guts},
    author={Nathan Seidle},
    date={2006-12-19},
    urldate = {2017-06-03},
    url={https://www.sparkfun.com/tutorials/43},
}
@INPROCEEDINGS{opportunity,
author={D. Roggen and A. Calatroni and M. Rossi and T. Holleczek and K. Förster and G. Tröster and P. Lukowicz and D. Bannach and G. Pirkl and A. Ferscha and J. Doppler and C. Holzmann and M. Kurz and G. Holl and R. Chavarriaga and H. Sagha and H. Bayati and M. Creatura and J. d. R. Millàn},
booktitle={2010 Seventh International Conference on Networked Sensing Systems (INSS)},
title={Collecting complex activity datasets in highly rich networked sensor environments},
year={2010},
pages={233-240},
month={June},}
@online{web:vive-teardown,
    url={https://de.ifixit.com/Teardown/HTC+Vive+Teardown/62213},
    title={HTC Vive Teardown},
    author={iFixit},
    urldate = {2017-06-03},
    date = {2016-04-26},
}

@article{microsoft-hand-tracking,
  title={Efficient and precise interactive hand tracking through joint, continuous optimization of pose and correspondences},
  author={Taylor, Jonathan and Bordeaux, Lucas and Cashman, Thomas and Corish, Bob and Keskin, Cem and Sharp, Toby and Soto, Eduardo and Sweeney, David and Valentin, Julien and Luff, Benjamin and others},
  journaltitle={ACM Transactions on Graphics (TOG)},
  volume={35},
  number={4},
  pages={143},
  year={2016},
  publisher={ACM}
}

@article{dipietro-gloves-survey,
  title={A survey of glove-based systems and their applications},
  author={Dipietro, Laura and Sabatini, Angelo M and Dario, Paolo},
  journaltitle={IEEE Transactions on Systems, Man, and Cybernetics, Part C (Applications and Reviews)},
  volume={38},
  number={4},
  pages={461--482},
  year={2008},
  publisher={IEEE}
}

@article{lara-har,
  title={A survey on human activity recognition using wearable sensors.},
  author={Lara, Oscar D and Labrador, Miguel A},
  journaltitle={IEEE Communications Surveys and Tutorials},
  volume={15},
  number={3},
  pages={1192--1209},
  year={2013}
}

@article{lane-keyboard-shortcuts,
  title={Hidden costs of graphical user interfaces: Failure to make the transition from menus and icon toolbars to keyboard shortcuts},
  author={Lane, David M and Napier, H Albert and Peres, S Camille and S{\'a}ndor, Anik{\'o}},
  journaltitle={International Journal of Human-Computer Interaction},
  volume={18},
  number={2},
  pages={133--144},
  year={2005},
  publisher={Taylor \& Francis}
}

@article{f-measure,
  title={The truth of the F-measure},
  author={Sasaki, Yutaka and others},
  journaltitle={Teach Tutor mater},
  volume={1},
  number={5},
  year={2007}
}
@article{hmm_coin,
  title={An introduction to hidden Markov models},
  author={Rabiner, Lawrence and Juang, B},
  journaltitle={ieee assp magazine},
  volume={3},
  number={1},
  pages={4--16},
  year={1986},
  publisher={IEEE}
}

@article{hmm,
  title={An introduction to hidden Markov models and Bayesian networks},
  author={Ghahramani, Zoubin},
  journaltitle={International journal of pattern recognition and artificial intelligence},
  volume={15},
  number={01},
  pages={9--42},
  year={2001},
  publisher={World Scientific}
}

@article{elman-rnn,
  title={Distributed representations, simple recurrent networks, and grammatical structure},
  author={Elman, Jeffrey L},
  journaltitle={Machine learning},
  volume={7},
  number={2-3},
  pages={195--225},
  year={1991},
  publisher={Springer}
}

@inproceedings{pre_inertouchhand,
  title={Distributed accelerometers for gesture recognition and visualization},
  author={Jorge Lobo and Pedro Trindade},
  booktitle={Doctoral Conference on Computing, Electrical and Industrial Systems},
  pages={215--223},
  year={2011},
  organization={Springer}
}


@misc{feedforward,
  title={Feed-forward neural network},
  author={Davidian, D.},
  year={1995},
  publisher={Google Patents},
  note={US Patent 5,438,646}
}

@online{featherboard,
    url = {https://www.adafruit.com/product/3010},
    title={Adafruit Feather M0 WiFi - ATSAMD21 + ATWINC1500},
    author={{Adafruit Industries}},
    urldate = {2017-06-03},
}

@online{typingspeed,
    url = {http://typing-speed-test.aoeu.eu/},
    author = {Juerd Waalboer},
    urldate = {2017-07-12},
    title = {Typing Test @ AOEU},
}

@Article{matplotlib,
  Author    = {Hunter, J. D.},
  Title     = {Matplotlib: A 2D graphics environment},
  Journal   = {Computing In Science \& Engineering},
  Volume    = {9},
  Number    = {3},
  Pages     = {90--95},
  abstract  = {Matplotlib is a 2D graphics package used for Python
  for application development, interactive scripting, and
  publication-quality image generation across user
  interfaces and operating systems.},
  publisher = {IEEE COMPUTER SOC},
  year      = 2007
}

@article{numpy,
    author = {Stéfan van der Walt and S. Chris Colbert and Gaël Varoquaux},
    title = {The NumPy Array: A Structure for Efficient Numerical Computation},
    journal = {Computing in Science \& Engineering},
    volume = {13},
    number = {2},
    pages = {22-30},
    year = {2011},
    % eprint = {http://aip.scitation.org/doi/pdf/10.1109/MCSE.2011.37}
}

@misc{bno055-datasheet,
    author={{Bosch Sensortec}},
    organization={{Bosch Sensortec}},
    title={{BNO055}},
    subtitle={{Intelligent 9-axis absolute orientation sensor}},
    number={{BST-BNO055-DS000-14}},
    year          =  2016,
    month         =  Jun,
    note          = {{Rev. 1.4}}
}
